<record><leader>00000cas a22000007a 4500</leader><controlfield tag="001">13586130</controlfield><controlfield tag="008">860519d186918uumtuwr ne      0    0eng d</controlfield><datafield ind1=" " ind2=" " tag="010"><subfield code="a">sn 86075170 </subfield></datafield><datafield ind1=" " ind2=" " tag="040"><subfield code="a">MTL</subfield><subfield code="b">eng</subfield><subfield code="c">MTL</subfield><subfield code="d">CNW</subfield><subfield code="d">OCLCQ</subfield><subfield code="d">OCLCF</subfield><subfield code="d">OCLCO</subfield></datafield><datafield ind1="1" ind2=" " tag="029"><subfield code="a">AU@</subfield><subfield code="b">000025802508</subfield></datafield><datafield ind1=" " ind2=" " tag="042"><subfield code="a">msc</subfield></datafield><datafield ind1=" " ind2=" " tag="043"><subfield code="a">n-us-mt</subfield></datafield><datafield ind1="0" ind2="0" tag="245"><subfield code="a">Montana news-letter.</subfield></datafield><datafield ind1=" " ind2=" " tag="260"><subfield code="a">Helena, Mont. :</subfield><subfield code="b">[s.n.],</subfield><subfield code="c">1869.</subfield></datafield><datafield ind1=" " ind2=" " tag="300"><subfield code="a">1 v. :</subfield><subfield code="b">ill. ;</subfield><subfield code="c">25 cm.</subfield></datafield><datafield ind1=" " ind2=" " tag="310"><subfield code="a">Weekly</subfield></datafield><datafield ind1="1" ind2=" " tag="362"><subfield code="a">Began in 1869.</subfield></datafield><datafield ind1=" " ind2=" " tag="500"><subfield code="a">Published by: H.N. Maquire.</subfield></datafield><datafield ind1=" " ind2=" " tag="588"><subfield code="a">Description based on: Vol. 1, no. 2 (Feb., 4th week, [1869]).</subfield></datafield><datafield ind1=" " ind2="0" tag="651"><subfield code="a">Helena (Mont.)</subfield><subfield code="v">Newspapers.</subfield></datafield><datafield ind1=" " ind2="7" tag="655"><subfield code="a">Newspapers.</subfield><subfield code="2">fast</subfield><subfield code="0">(OCoLC)fst01423814</subfield></datafield><datafield ind1=" " ind2="7" tag="651"><subfield code="a">Montana</subfield><subfield code="z">Helena.</subfield><subfield code="2">fast</subfield><subfield code="0">(OCoLC)fst01207480</subfield></datafield><datafield ind1=" " ind2=" " tag="752"><subfield code="a">United States</subfield><subfield code="b">Montana</subfield><subfield code="c">Lewis and Clark</subfield><subfield code="d">Helena.</subfield></datafield></record>